=LDR  00000nam a2200000Ia 45e0
=008  130221s9999\\\\xx\\\\\\\\\\\\000\0\und\d
=100  \\$a Year 
=245  \\$a Author 
=700  \\$a ISBN
=952  \\$pTitle 

