=LDR  00000nam a2200000Ia 45e0
=008  130221s9999\\\\xx\\\\\\\\\\\\000\0\und\d
=100  \\$a 2003 
=245  \\$a  Mitchell, J.S., Ed. 
=700  \\$a 0-910608-70-9
=952  \\$pDewey Decimal Classification and relative index. 

