=LDR  00000nam a2200000Ia 45e0
=008  130221s9999\\\\xx\\\\\\\\\\\\000\0\und\d
=100  \\$a 1995 
=245  \\$a  Aaker, D. A. 
=700  \\$a 0-471-30956-7
=952  \\$pStrategic market management 

