=LDR  00000nam a2200000Ia 45e0
=008  130221s9999\\\\xx\\\\\\\\\\\\000\0\und\d
=100  \\$a 1995 
=245  \\$a  Pindyck, R.S. 
=700  \\$a - 
=952  \\$pMicroeconomics 

