=LDR  00000nam a2200000Ia 45e0
=008  130221s9999\\\\xx\\\\\\\\\\\\000\0\und\d
=100  \\$a 1983 
=245  \\$a  Hampton, J. J. 
=700  \\$a 0-87692-331-7 
=952  \\$pFinancial decision making 

