=LDR  00000nam a2200000Ia 45e0
=008  130221s9999\\\\xx\\\\\\\\\\\\000\0\und\d
=100  \\$a 1994 
=245  \\$a  Fitzsimmons, J. A 
=700  \\$a 0-07-021217-1 
=952  \\$pService management for competative advantage 

