=LDR  00000nam a2200000Ia 45e0
=008  130221s9999\\\\xx\\\\\\\\\\\\000\0\und\d
=100  \\$a 1995 
=245  \\$a  Nauhria, R. N. 
=700  \\$a 81-85814-52-x
=952  \\$pManagement of systems. 

