=LDR  00000nam a2200000Ia 45e0
=008  130221s9999\\\\xx\\\\\\\\\\\\000\0\und\d
=100  \\$a 1984 
=245  \\$a  Kirpalani, V.H. 
=700  \\$a 0-87692-490-9  
=952  \\$pInternational marketing 

