=LDR  00000nam a2200000Ia 45e0
=008  130221s9999\\\\xx\\\\\\\\\\\\000\0\und\d
=100  \\$a 2000 
=245  \\$a  Kenen, P.B. 
=700  \\$a 0-521-00604-x  
=952  \\$pInternational economy 

