=LDR  00000nam a2200000Ia 45e0
=008  130221s9999\\\\xx\\\\\\\\\\\\000\0\und\d
=100  \\$a 1996 
=245  \\$a  Grant, E.L. 
=700  \\$a 0-07-024162-7  
=952  \\$pStatistical quality control 

