=LDR  00000nam a2200000Ia 45e0
=008  130221s9999\\\\xx\\\\\\\\\\\\000\0\und\d
=100  \\$a 1951 
=245  \\$a  Dean, J. 
=700  \\$a 0-87692-116-0  
=952  \\$pManagerial economics 

