=LDR  00000nam a2200000Ia 45e0
=008  130221s9999\\\\xx\\\\\\\\\\\\000\0\und\d
=100  \\$a 1986 
=245  \\$a  Levin, R. I. 
=700  \\$a 0-87692-363-5  
=952  \\$pStatistics for management 

