=LDR  00000nam a2200000Ia 45e0
=008  130221s9999\\\\xx\\\\\\\\\\\\000\0\und\d
=100  \\$a 1976 
=245  \\$a  Hughes, H.S. 
=700  \\$a 0-87692-123-3
=952  \\$pContemporary Europe 

